@inproceedings{lemaitre2015business,
  title={Business Model Design for University Technology Valorisation},
  author={Lemaitre, Guillaume and Bikfalvi, Andrea and Llach, Josep and Massich, Joan and Julian, Fernando},
  booktitle={International Technology, Education and Development Conference (INTED2015)},
  year={2015},
  organization={IATED},
  keyword={conference}
}

@inproceedings{lemaitre2015boosting,
  title={A Boosting Approach for Prostate Cancer Detection using Multi-parametric MRI},
  author={Lemaitre, Guillaume and Massich, Joan and Marti, Robert and Freixenet, Jordi and Vilanova, Joan C. and Walker, Paul M. and Sidibe, Desire and Meriaudeau, Fabrice},
  booktitle={International Conference on Quality Control and Artificial Vision (QCAV2015)},
  year={2015},
  organization={SPIE},
  keyword={conference}
}

@article{lemaitre2015computer,
  title={Computer-Aided Detection and Diagnosis for prostate cancer based on mono and multi-parametric MRI: A Review},
  author={Lemaitre, Guillaume and Marti, Robert and Freixenet, Jordi and Vilanova, Joan C. and Walker, Paul M. and Meriaudeau, Fabrice},
  journal={Computers in Biology and Medicine},
  year={2015},
  publisher={Elsevier},
  keyword={journal}
}

@inproceedings{massich2015breast,
  title={Breast ultrasound image segmentation: an optimization approach based on super-pixels and high-level descriptors},
  author={Massich, Joan and Lema{\^\i}tre, Guillaume and Mart{\'\i}, Joan and M{\'e}riaudeau, Fabrice},
  booktitle={The International Conference on Quality Control by Artificial Vision 2015},
  pages={95340C--95340C},
  year={2015},
  organization={International Society for Optics and Photonics},
  keyword={conference}
}

@article{lemaitre2015classification,
  title={Classification of SD-OCT Volumes with LBP: Application to DME Detection},
  author={Lema{\^\i}tre, Guillaume and Rastgoo, Mojdeh and Massich, Joan and Sankar, Shrinivasan and M{\'e}riaudeau, Fabrice and Sidib{\'e}, D{\'e}sir{\'e}},
  year={2015},
  keyword={conference}
}

@inproceedings{massich2015optimization,
  title={An Optimization Approach to Segment Breast Lesions in Ultra-Sound Images using Clinically Validated Visual Cues},
  author={Massich, Joan and Lemaitre, Guillaume and Marti, Joan and Meriaudeau, Fabrice},
  booktitle={Breast Image Analysis Workshop (BIA), Medical Image Computing and Computer Assisted Interventions (MICCAI) 2015},
  year={2015},
  keyword={conference}
}

@article{belkacemi2015nondestructive,
  title={Nondestructive testing based on scanning-from-heating approach: application to nonthrough defect detection and fiber orientation assessment},
  author={Belkacemi, Mohamed and Stolz, Christophe and Mathieu, Alexandre and Lemaitre, Guillaume and Massich, Joan and Aubreton, Olivier},
  journal={Journal of Electronic Imaging},
  volume={24},
  number={6},
  pages={061112--061112},
  year={2015},
  publisher={International Society for Optics and Photonics},
  keyword={conference}
}

@inproceedings{rastgo2016classification,
  title={Classification of melanoma lesions using sparse coded features and random forests},
  author={Rastgo, Mojdeh and Lemaitre, Guillaume and Morel, Olivier and Massich, Joan and Garcia, Rafael and Meriaudeau, Fabrice and Marzani, Franck and Sidib{\'e}, D{\'e}sir{\'e}},
  booktitle={SPIE Medical Imaging},
  pages={97850C--97850C},
  year={2016},
  organization={International Society for Optics and Photonics},
  keyword={conference}
}

@inproceedings{rastgoo2016tackling,
  title={Tackling the Problem of Data Imbalancing for Melanoma Classification},
  author={Rastgoo, Mojdeh and Lemaitre, Guillaume and Massich, Joan and Morel, Olivier and Marzani, Franck and Garcia, Rafael and Meriaudeau, Fabrice},
  booktitle={Bioimaging},
  year={2016},
  keyword={conference}
}

@inproceedings{lemaitre2016normalization,
  title={Normalization of T2W-MRI prostate images using Rician a priori},
  author={Lemaitre, Guillaume and Rastgoo, Mojdeh and Massich, Joan and Vilanova, Joan and Walker, Paul and Freixenet, Jordi and Meyer-Baese, Anke and Meriaudeau, Fabrice and Marti, Robert},
  booktitle={SPIE Medical Imaging},
  year={2016},
  organization={SPIE},
  keyword={conference}
}

@inproceedings{belkacemi2016combined,
  title={A combined three-dimensional digitisation and subsurface defect detection data using active infrared thermography},
  author={Belkacemi, Mohamed and Stolz, Christophe and Mathieu, Alexandre and Lemaitre, Guillaume and Aubreton, Olivier},
  booktitle={13th Quantitative Infrared Thermography Conference (QIRT)},
  year={2016},
  keyword={conference}
}

@inproceedings{belkacemi2016wood,
  title={Wood fiber orientation assessment based on punctual laser beam excitation: A preliminary study},
  author={Belkacemi, Mohamed and Massich, Joan and Lemaitre, Guillaume and Stolz, Christophe and Daval, Vincent and Pot, Guillaume and Aubreton, Olivier and Collet, Robert and Meriaudeau, Fabrice},
  booktitle={13th Quantitative Infrared Thermography Conference (QIRT)},
  year={2016},
  keyword={conference}
}

@inproceedings{alsaih2016classification,
  title={Classification of SD-OCT volumes with multi pyramids, LBP and HOG descriptors: application to DME detections},
  author={Alsaih, Khaled and Lema{\^\i}tre, Guillaume and Vall, Joan Massich and Rastgoo, Mojdeh and Sidib{\'e}, D{\'e}sir{\'e} and Wong, Tien Y and Lamoureux, Ecosse and Milea, Dan and Cheung, Carol Y and M{\'e}riaudeau, Fabrice},
  booktitle={38th IEEE Engineering in Medicine and Biology Society (EMBC)},
  year={2016},
  keyword={conference}
}

@article{lemaitre2016classification,
  title={Classification of SD-OCT Volumes using Local Binary Patterns: Experimental Validation for DME Detection},
  author={Lema{\i}tre, Guillaume and Rastgoo, Mojdeh and Massich, Joan and Cheung, Carol Y and Wong, Tien Y and Lamoureux, Ecosse and Milea, Dan and M{\'e}riaudeau, Fabrice and Sidib{\'e}, D{\'e}sir{\'e}},
  journal={Journal of Ophthalmology},
  volume={2016},
  year={2016},
  keyword={journal}
}

@inproceedings{pampouchidou2016video,
  title={Video-based depression detection using local Curvelet binary patterns in pairwise orthogonal planes},
  author={Pampouchidou, Anastasia and Marias, Kostas and Tsiknakis, Manolis and Simos, Panagiotis and Yang, Fan and Lema{\^\i}tre, Guillaume and Meriaudeau, Fabrice},
  booktitle={Engineering in Medicine and Biology Society (EMBC), 2016 IEEE 38th Annual International Conference of the},
  pages={3835--3838},
  year={2016},
  organization={IEEE},
  keyword={conference}
}

@article{lemaitre2016imbalanced,
  title={Imbalanced-learn: A Python Toolbox to Tackle the Curse of Imbalanced Datasets in Machine Learning},
  author={Lemaitre, Guillaume and Nogueira, Fernando and Aridas, Christos K},
  journal={Journal of Machine Learning Research},
  year={2017},
  keyword={journal}
}

@inproceedings{massich2016classifying,
  title={Classifying DME vs Normal SD-OCT volumes: A review},
  author={Massich, Joan and Rastgoo, Mojdeh and Lema{\^\i}tre, Guillaume and Cheung, Carol and Wong, Tien and Sidib{\'e}, D{\'e}sir{\'e} and M{\'e}riaudeau, Fabrice},
  booktitle={23rd International Conference on Pattern Recognition},
  year={2016},
  keyword={conference}
}

@article{sidibe2017anomaly,
  title={An anomaly detection approach for the identification of DME patients using spectral domain optical coherence tomography images},
  author={Sidib{\'e}, D{\'e}sir{\'e} and Sankar, Shrinivasan and Lema{\^\i}tre, Guillaume and Rastgoo, Mojdeh and Massich, Joan and Cheung, Carol Y and Tan, Gavin SW and Milea, Dan and Lamoureux, Ecosse and Wong, Tien Y and others},
  journal={Computer Methods and Programs in Biomedicine},
  volume={139},
  pages={109--117},
  year={2017},
  publisher={Elsevier},
  keyword={journal}
}
